
@inproceedings{cambronero-deep-code-search-2019,
author = {Cambronero, Jose and Li, Hongyu and Kim, Seohyun and Sen, Koushik and Chandra, Satish},
title = {When Deep Learning Met Code Search},
year = {2019},
booktitle = {Proceedings of the 2019 27th ACM Joint Meeting on European Software Engineering Conference and Symposium on the Foundations of Software Engineering},
pages = {964â€“974},
numpages = {11},



}

@inproceedings{yao-2018,
 author = {Yao, Ziyu and Weld, Daniel S. and Chen, Wei-Peng and Sun, Huan},
 title = {StaQC: A Systematically Mined Question-Code Dataset from Stack Overflow},
 booktitle = {Proceedings of the 2018 World Wide Web Conference},
 
 year = {2018},
 
 
 pages = {1693--1703},
 numpages = {11},
 
 
 
}